<?xml version="1.0" encoding="UTF-8"?><record xmlns="http://www.loc.gov/MARC21/slim" xmlns:cinclude="http://apache.org/cocoon/include/1.0" xmlns:zs="http://www.loc.gov/zing/srw/">
  <leader>01404cz  a2200253n  4500</leader>
  <controlfield tag="001">n  81134494 </controlfield>
  <controlfield tag="003">DLC</controlfield>
  <controlfield tag="005">20080927075616.0</controlfield>
  <controlfield tag="008">811120n| acannaabn          |b ana      </controlfield>
  <datafield tag="010" ind1=" " ind2=" ">
    <subfield code="a">n  81134494 </subfield>
  </datafield>
  <datafield tag="035" ind1=" " ind2=" ">
    <subfield code="a">(OCoLC)oca00679353</subfield>
  </datafield>
  <datafield tag="040" ind1=" " ind2=" ">
    <subfield code="a">DLC</subfield>
    <subfield code="b">eng</subfield>
    <subfield code="c">DLC</subfield>
    <subfield code="d">MiU</subfield>
    <subfield code="d">NIC</subfield>
    <subfield code="d">OCoLC</subfield>
  </datafield>
  <datafield tag="110" ind1="2" ind2=" ">
    <subfield code="a">Nihon Keieisha Dantai Renmei.</subfield>
    <subfield code="b">Rōdō Mondai Kenkyū Iinkai</subfield>
  </datafield>
  <datafield tag="410" ind1="2" ind2=" ">
    <subfield code="a">Rōdō Mondai Kenkyū Iinkai (Nikkeiren)</subfield>
  </datafield>
  <datafield tag="410" ind1="2" ind2=" ">
    <subfield code="a">Nihon Keieisha Dantai Renmei.</subfield>
    <subfield code="b">Committee for the Study of Labor Issues</subfield>
  </datafield>
  <datafield tag="410" ind1="2" ind2=" ">
    <subfield code="w">nne</subfield>
    <subfield code="a">Nihon Keieisha Dantai Renmei.</subfield>
    <subfield code="b">Committee for the Study of Labor Questions</subfield>
  </datafield>
  <datafield tag="410" ind1="2" ind2=" ">
    <subfield code="a">Committee for the Study of Labor Questions (Nihon Keieisha Dantai Renmei)</subfield>
  </datafield>
  <datafield tag="410" ind1="2" ind2=" ">
    <subfield code="a">日本経営者団体連盟.</subfield>
    <subfield code="b">労働問題研究委員会</subfield>
  </datafield>
  <datafield tag="410" ind1="2" ind2=" ">
    <subfield code="a">日本経営者団体連盟.</subfield>
    <subfield code="b">労働問題硏究委員会</subfield>
  </datafield>
  <datafield tag="667" ind1=" " ind2=" ">
    <subfield code="a">Machine-derived non-Latin script reference project.</subfield>
  </datafield>
  <datafield tag="667" ind1=" " ind2=" ">
    <subfield code="a">Non-Latin script references not evaluated.</subfield>
  </datafield>
  <datafield tag="670" ind1=" " ind2=" ">
    <subfield code="a">Preventing the resurgence ... 1980 (a.e.)</subfield>
    <subfield code="b">t.p. (Committee for the Study of Labor Questions; imp.: Japan Federation of Employers' Associations)</subfield>
  </datafield>
  <datafield tag="670" ind1=" " ind2=" ">
    <subfield code="a">Rōdō Mondai Kenkyū Iinkai hōkoku, 1979:</subfield>
    <subfield code="b">t.p. (Rōdō Mondai Kenkyū Iinkai (Nikkeiren))</subfield>
  </datafield>
  <datafield tag="670" ind1=" " ind2=" ">
    <subfield code="a">Creating a dynamic economy through structural reform, c1996:</subfield>
    <subfield code="b">t.p. (Committee for the Study of Labor Issues, Japan Federation of Employers' Associations (NIKKEIREN))</subfield>
  </datafield>
</record>